@online{ nevzkvetaji,
title = "Výstupní zpráva z KCHK: Signály nevzkvétají",
url = "https://tym.signaly.cz/1707/vystupni-zprava-z-kchk-signaly-nevzkvetaji",
date = "2017-07-14"
}

@online{ sl2011zdelani,
title = ""
date = ""
url = "https://www.czso.cz/csu/czso/uroven-vzdelani-obyvatelstva-podle-vysledku-scitani-lidu-2011-xllg5xjb8q"
urldate = ""
}